@article{o2016explicit,
  title={Explicit construction of local conserved operators in disordered many-body systems},
  author={O'Brien, TE and Abanin, Dmitry A and Vidal, Guifre and Papi{\'c}, Z},
  journal={Physical Review B},
  volume={94},
  number={14},
  pages={144208},
  year={2016},
  publisher={APS}
}

@article{abanin2017recent,
  title={Recent progress in many-body localization},
  author={Abanin, Dmitry A and Papi{\'c}, Zlatko},
  journal={arXiv preprint arXiv:1705.09103},
  year={2017}
}